@MISC{Waymo,
  title = {Waymo. [Online].},
  url = { https://waymo.com/}
}
@MISC{Berkeley-DeepDrive,
  title = {Berkeley-DeepDrive. [Online].},
  url = { https://bdd-data.berkeley.edu/}
}
@MISC{Apollo,
  title = {Apollo. [Online].},
  url = { http://apolloscape.auto/}
}
@MISC{Tesla,
  title = {Tesla. [Online].},
  url = { https://www.tesla.com/}
}
@article{rong2020lgsvl,
  title={LGSVL Simulator: A High Fidelity Simulator for Autonomous Driving},
  author={Rong, Guodong and Shin, Byung Hyun and Tabatabaee, Hadi and Lu, Qiang and Lemke, Steve and Mo{\v{z}}eiko, M{\=a}rti{\c{n}}{\v{s}} and Boise, Eric and Uhm, Geehoon and Gerow, Mark and Mehta, Shalin and others},
  journal={arXiv preprint arXiv:2005.03778},
  year={2020},
  url = { https://www.lgsvlsimulator.com/}

}
@MISC{LGSVL,
  title = {LGSVL Simulator. [Online].},
}
@MISC{NvidiaSimulator,
  title = {Nvidia Simulator. [Online].},
  url = { https://www.nvidia.com/en-us/self-driving-cars/drive-constellation/}
}
@MISC{CarlaSimulator,
  title = {Carla Simulator. [Online].},
  url = { https://carla.org/}
}
@MISC{Carmaker,
  title = {Carmaker Simulator. [Online].},
  url = { https://ipg-automotive.com/products-services/simulation-software/carmaker/}
}
@MISC{ROS2,
  title = {Robotic Operating System. [Online].},
  url = { https://index.ros.org/doc/ros2/}
}
@MISC{ultrasonic,
  title = {Ultrasonic - what is it?. [Online].},
  url = { https://www.microcontrollertips.com/principle-applications-limitations-ultrasonic-sensors-faq/}
}
@INPROCEEDINGS{codevilla2017endtoend,
    author={F. {Codevilla} and M. {MÃ¼ller} and A. {Lopez} and V. {Koltun} and A. {Dosovitskiy}},
    booktitle={2018 IEEE International Conference on Robotics and Automation (ICRA)},
    title={End-to-End Driving Via Conditional Imitation Learning},
    year={2018},
    volume={},
    number={},
    pages={4693-4700},
}

@article{XiaoCodevillaMultimodalE2E,
  author    = {Yi Xiao and
               Felipe Codevilla and
               Akhil Gurram and
               Onay Urfalioglu and
               Antonio M. L{\'{o}}pez},
  title     = {Multimodal End-to-End Autonomous Driving},
  journal   = {CoRR},
  volume    = {abs/1906.03199},
  year      = {2019},
  url       = {http://arxiv.org/abs/1906.03199},
  archivePrefix = {arXiv},
  eprint    = {1906.03199},
  timestamp = {Tue, 05 Nov 2019 12:22:57 +0100},
  biburl    = {https://dblp.org/rec/journals/corr/abs-1906-03199.bib},
  bibsource = {dblp computer science bibliography, https://dblp.org}
}
@MISC{bojarski2016end,
    title={End to End Learning for Self-Driving Cars},
    author={Mariusz Bojarski and Davide Del Testa and Daniel Dworakowski and Bernhard Firner and Beat Flepp and Prasoon Goyal and Lawrence D. Jackel and Mathew Monfort and Urs Muller and Jiakai Zhang and Xin Zhang and Jake Zhao and Karol Zieba},
    year={2016},
    eprint={1604.07316},
    archivePrefix={arXiv},
    primaryClass={cs.CV}
}
@MISC{chen2017,
author = {Chen, Zhilu and Huang, Xinming},
year = {2017},
month = {06},
pages = {1856-1860},
title = {End-to-end learning for lane keeping of self-driving cars},
doi = {10.1109/IVS.2017.7995975}
}
@MISC{LIDAR,
  title = {Lidar introduction},
  year={2016},
  eprint={1604.07316},
  archivePrefix={arXiv},
  primaryClass={cs.CV},
  url =
  {https://www.geospatialworld.net/blogs/what-is-lidar-technology-and-how-does-it-work/},
}
@MISC{VergeReportLidar,
  title  = {Verge report on Lidar},
  url = {https://www.theverge.com/2020/1/7/21055011/lidar-sensor-self-driving-mainstream-mass-market-velodyne-ces-2020}
}
@MISC{Radar,
  title = {Radar introduction},
  url =
  {https://www.explainthatstuff.com/radar.html},
}
@inproceedings{wang2020makes,
  title={What Makes Training Multi-Modal Classification Networks Hard?},
  author={Wang, Weiyao and Tran, Du and Feiszli, Matt},
  booktitle={Proceedings of the IEEE/CVF Conference on Computer Vision and Pattern Recognition},
  pages={12695--12705},
  year={2020}
}
@article{GooglePaperonCNNActuation,
author = {Levine, Sergey and Pastor, Peter and Krizhevsky, Alex and Quillen, Deirdre},
year = {2016},
month = {03},
pages = {},
title = {Learning Hand-Eye Coordination for Robotic Grasping with Deep Learning and Large-Scale Data Collection},
journal = {The International Journal of Robotics Research},
doi = {10.1177/0278364917710318}
}
@incollection{Alexnet2012,
title = {ImageNet Classification with Deep Convolutional Neural Networks},
author = {Alex Krizhevsky and Sutskever, Ilya and Hinton, Geoffrey E},
booktitle = {Advances in Neural Information Processing Systems 25},
editor = {F. Pereira and C. J. C. Burges and L. Bottou and K. Q. Weinberger},
pages = {1097--1105},
year = {2012},
publisher = {Curran Associates, Inc.},
url = {http://papers.nips.cc/paper/4824-imagenet-classification-with-deep-convolutional-neural-networks.pdf}
}
@inproceedings{ParkHBB16,
  added-at = {2016-06-09T00:00:00.000+0200},
  author = {Park, Eunbyung and Han, Xufeng and Berg, Tamara L. and Berg, Alexander C.},
  biburl = {https://www.bibsonomy.org/bibtex/2e0753dc9071313d825cfdc16dfffc439/dblp},
  booktitle = {WACV},
  crossref = {conf/wacv/2016},
  ee = {http://doi.ieeecomputersociety.org/10.1109/WACV.2016.7477589},
  interhash = {16fbf95915712de49a0f6039f7de6cf8},
  intrahash = {e0753dc9071313d825cfdc16dfffc439},
  isbn = {978-1-5090-0641-0},
  keywords = {dblp},
  pages = {1-8},
  publisher = {IEEE Computer Society},
  timestamp = {2016-06-10T11:52:21.000+0200},
  title = {Combining multiple sources of knowledge in deep CNNs for action recognition.},
  url = {http://dblp.uni-trier.de/db/conf/wacv/wacv2016.html#ParkHBB16},
  year = 2016
}
@MISC{E2EMultimodalDiscreteSpeed,
author = {Yang, Zhengyuan and Zhang, Yixuan and Yu, Jerry and Cai, Junjie and Luo, Jiebo},
year = {2018},
month = {01},
pages = {},
title = {End-to-end Multi-Modal Multi-Task Vehicle Control for Self-Driving Cars with Visual Perception}
}
@article{heatmapsLearning,
  author    = {Jinkyu Kim and
               John F. Canny},
  title     = {Interpretable Learning for Self-Driving Cars by Visualizing Causal
               Attention},
  journal   = {CoRR},
  volume    = {abs/1703.10631},
  year      = {2017},
  url       = {http://arxiv.org/abs/1703.10631},
  archivePrefix = {arXiv},
  eprint    = {1703.10631},
  timestamp = {Mon, 13 Aug 2018 16:48:40 +0200},
  biburl    = {https://dblp.org/rec/journals/corr/KimC17.bib},
  bibsource = {dblp computer science bibliography, https://dblp.org}
}
@article{XuGYD16CNNLSTM,
  author    = {Huazhe Xu and
               Yang Gao and
               Fisher Yu and
               Trevor Darrell},
  title     = {End-to-end Learning of Driving Models from Large-scale Video Datasets},
  journal   = {CoRR},
  volume    = {abs/1612.01079},
  year      = {2016},
  url       = {http://arxiv.org/abs/1612.01079},
  archivePrefix = {arXiv},
  eprint    = {1612.01079},
  timestamp = {Mon, 13 Aug 2018 16:48:19 +0200},
  biburl    = {https://dblp.org/rec/journals/corr/XuGYD16.bib},
  bibsource = {dblp computer science bibliography, https://dblp.org}
}
@article{BojarskiCNN1,
  author    = {Mariusz Bojarski and
               Philip Yeres and
               Anna Choromanska and
               Krzysztof Choromanski and
               Bernhard Firner and
               Lawrence D. Jackel and
               Urs Muller},
  title     = {Explaining How a Deep Neural Network Trained with End-to-End Learning
               Steers a Car},
  journal   = {CoRR},
  volume    = {abs/1704.07911},
  year      = {2017},
  url       = {http://arxiv.org/abs/1704.07911},
  archivePrefix = {arXiv},
  eprint    = {1704.07911},
  timestamp = {Mon, 13 Aug 2018 16:46:51 +0200},
  biburl    = {https://dblp.org/rec/journals/corr/BojarskiYCCFJM17.bib},
  bibsource = {dblp computer science bibliography, https://dblp.org}
}
@misc{liu2018learn,
    title={Learn to Combine Modalities in Multimodal Deep Learning},
    author={Kuan Liu and Yanen Li and Ning Xu and Prem Natarajan},
    year={2018},
    eprint={1805.11730},
    archivePrefix={arXiv},
    primaryClass={stat.ML}
}
@INPROCEEDINGS{ZhouSideChannel,
    author={Y. {Zhou} and K. {Hauser}},
    booktitle={2017 IEEE International Conference on Robotics and Automation (ICRA)},
    title={Incorporating side-channel information into convolutional neural networks for robotic tasks},
    year={2017},
    volume={},
    number={},
    pages={2177-2183},
}
@misc{wang2019makes,
    title={What Makes Training Multi-Modal Classification Networks Hard?},
    author={Weiyao Wang and Du Tran and Matt Feiszli},
    year={2019},
    eprint={1905.12681},
    archivePrefix={arXiv},
    primaryClass={cs.CV}
}
@book{Goodfellow-et-al-2016,
    title={Deep Learning},
    author={Ian Goodfellow and Yoshua Bengio and Aaron Courville},
    publisher={MIT Press},
    note={\url{http://www.deeplearningbook.org}},
    year={2016}
}
@inbook{Goodfellow-et-al-2016_1,
    title={Deep Learning},
    author={Ian Goodfellow and Yoshua Bengio and Aaron Courville},
    publisher={MIT Press},
    note={\url{http://www.deeplearningbook.org}},
    year={2016},
    page={100}
}
@book{ScikitLearnMLBook,
author = {Gron, Aurlien},
title = {Hands-On Machine Learning with Scikit-Learn and TensorFlow: Concepts, Tools, and Techniques to Build Intelligent Systems},
year = {2017},
isbn = {1491962291},
publisher = {O'Reilly Media, Inc.},
edition = {1st}
}
@MISC{inkscape,
title = {Inkscape, a visual vector tool},
url = {https://inkscape.org/}
}
@MISC{texexamples,
title = {Tikz examples},
url = {https://texample.net/tikz/}
}
@MISC{MLRWTHLectures,
title = {Machine Learning RWTH WS 2019 Lectures},
Author = {Leibe, Bastian},
url ={https://www.vision.rwth-aachen.de/course/31/},
}
@inbook{mlparadigm,
author = {Chollet, Francois},
title = {Deep Learning with Python},
year = {2017},
isbn = {1617294438},
publisher = {Manning Publications Co.},
address = {USA},
edition = {1st},
pages = {5}
}
@inbook{feedforward,
author = {Chollet, Francois},
title = {Deep Learning with Python},
year = {2017},
isbn = {1617294438},
publisher = {Manning Publications Co.},
address = {USA},
edition = {1st},
pages = {5}
}
@inbook{backprop,
author = {Chollet, Francois},
title = {Deep Learning with Python},
year = {2017},
isbn = {1617294438},
publisher = {Manning Publications Co.},
address = {USA},
edition = {1st},
pages = {5}
}
@book{murphy2013machine,
  added-at = {2017-02-27T11:22:42.000+0100},
  address = {Cambridge, Mass. [u.a.]},
  author = {Murphy, Kevin P.},
  biburl = {https://www.bibsonomy.org/bibtex/270148d65a6a66e0ae962bf22c5f66148/hotho},
  description = {Machine Learning: A Probabilistic Perspective (Adaptive Computation and Machine Learning series): Kevin P. Murphy: 9780262018029: Amazon.com: Books},
  interhash = {e99d8a06cc36507b05c38192ab80573e},
  intrahash = {70148d65a6a66e0ae962bf22c5f66148},
  isbn = {9780262018029 0262018020},
  keywords = {hmm lda learning machine statistics},
  publisher = {MIT Press},
  refid = {904442949},
  timestamp = {2017-02-27T11:22:42.000+0100},
  title = {Machine learning : a probabilistic perspective},
  url = {https://www.amazon.com/Machine-Learning-Probabilistic-Perspective-Computation/dp/0262018020/ref=sr_1_2?ie=UTF8&qid=1336857747&sr=8-2},
  year = 2013
}
@inbook{murphy2013machine_1,
  added-at = {2017-02-27T11:22:42.000+0100},
  address = {Cambridge, Mass. [u.a.]},
  author = {Murphy, Kevin P.},
  biburl = {https://www.bibsonomy.org/bibtex/270148d65a6a66e0ae962bf22c5f66148/hotho},
  description = {Machine Learning: A Probabilistic Perspective (Adaptive Computation and Machine Learning series): Kevin P. Murphy: 9780262018029: Amazon.com: Books},
  interhash = {e99d8a06cc36507b05c38192ab80573e},
  intrahash = {70148d65a6a66e0ae962bf22c5f66148},
  isbn = {9780262018029 0262018020},
  keywords = {hmm lda learning machine statistics},
  publisher = {MIT Press},
  refid = {904442949},
  timestamp = {2017-02-27T11:22:42.000+0100},
  title = {Machine learning : a probabilistic perspective},
  url = {https://www.amazon.com/Machine-Learning-Probabilistic-Perspective-Computation/dp/0262018020/ref=sr_1_2?ie=UTF8&qid=1336857747&sr=8-2},
  year = 2013,
  page = {3}
}
@article{mitchell1996m,
  title={M a c h ine L e a rnin g},
  author={Mitchell, Tom},
  journal={McCraw Hill},
  year={1996}
}
@MISC{cifar10,
title = {CIFAR 10 Image dataset},
url = {https://www.cs.toronto.edu/~kriz/cifar.html}
}

@article{dropoutpaper,
author = {Srivastava, Nitish and Hinton, Geoffrey and Krizhevsky, Alex and Sutskever, Ilya and Salakhutdinov, Ruslan},
year = {2014},
month = {06},
pages = {1929-1958},
title = {Dropout: A Simple Way to Prevent Neural Networks from Overfitting},
volume = {15},
journal = {Journal of Machine Learning Research}
}

@article{Schmidhuber_2015,
   title={Deep learning in neural networks: An overview},
   volume={61},
   ISSN={0893-6080},
   url={http://dx.doi.org/10.1016/j.neunet.2014.09.003},
   DOI={10.1016/j.neunet.2014.09.003},
   journal={Neural Networks},
   publisher={Elsevier BV},
   author={Schmidhuber, JÃ¼rgen},
   year={2015},
   month={Jan},
   pages={85â117}
}

